@article{Sahni:1976:PAP:321958.321975,
 author = {Sahni, Sartaj and Gonzalez, Teofilo},
 title = {P-Complete Approximation Problems},
 journal = {J. ACM},
 issue_date = {July 1976},
 volume = {23},
 number = {3},
 month = jul,
 year = {1976},
 issn = {0004-5411},
 pages = {555--565},
 numpages = {11},
 url = {http://doi.acm.org/10.1145/321958.321975},
 doi = {10.1145/321958.321975},
 acmid = {321975},
 publisher = {ACM},
 address = {New York, NY, USA},
} 
